@Misc{IPython-widget-GUI-demo-youtube-2014,
  OPTkey = 	 {},
  OPTauthor = 	 {},
  title = 	 {Notebook based interactive GUI for common simulation requirements},
  OPThowpublished = {},
  OPTmonth = 	 {},
  year = 	 {2014},
  note = 	 {\href{https://www.youtube.com/watch?v=RhMHgQbP__A}{https://www.youtube.com/watch?v=RhMHgQbP\_\_A}},
  OPTannote = 	 {}
}




@Misc{Micromagnetic-Standardproblem-3,
  OPTkey = 	 {},
  OPTauthor = 	 {},
  OPTtitle = 	 {},
  OPThowpublished = {},
  OPTmonth = 	 {},
  OPTyear = 	 {},
  note = 	 {\href{http://www.ctcms.nist.gov/~rdm/spec3.html}{http://www.ctcms.nist.gov/~rdm/spec3.html}},
  OPTannote = 	 {}
}



@Misc{Nmag-url,
  OPTkey = 	 {},
  OPTauthor = 	 {},
  OPTtitle = 	 {},
  OPThowpublished = {},
  OPTmonth = 	 {},
  OPTyear = 	 {},
  OPTnote = 	 {\href{http://nmag.soton.ac.uk}{http://nmag.soton.ac.uk}},
  OPTannote = 	 {}
}


@Misc{OOMMF-citations-url,
  OPTkey = 	 {},
  OPTauthor = 	 {},
  OPTtitle = 	 {},
  OPThowpublished = {},
  OPTmonth = 	 {},
  OPTyear = 	 {2014},
  note = 	 {\href{http://math.nist.gov/oommf/oommf_cites.html}{http://math.nist.gov/oommf/oommf\_cites.html}},
  OPTannote = 	 {}
}


@Misc{OOMMF-url,
  OPTkey = 	 {},
  OPTauthor = 	 {},
  OPTtitle = 	 {},
  OPThowpublished = {},
  OPTmonth = 	 {},
  OPTyear = 	 {},
  note = 	 {\href{http://math.nist.gov/oommf/}{http://math.nist.gov/oommf/}},
  OPTannote = 	 {}
}

